@article{bult12,
  author       = {Laurent Bulteau and
                  Guillaume Fertin and
                  Irena Rusu},
  title        = {Sorting by Transpositions Is Difficult},
  journal      = {{SIAM} J. Discret. Math.},
  volume       = {26},
  number       = {3},
  pages        = {1148--1180},
  year         = {2012}
}

@inproceedings{wang24,
  author       = {Shuche Wang and
                  Yeow Meng Chee and
                  Van Khu Vu},
  title        = {Permutation Codes in {L}evenshtein, {U}lam and Generalized {K}endall-Tau
                  Metrics},
  booktitle    = {{IEEE} International Symposium on Information Theory},
  pages        = {43--48},
  year         = {2024}
}